@online{findbugs,
  year  =        2018,
  title =        "FindBugs - Find Bugs in Java Programs",
  url =          "http://findbugs.sourceforge.net/",
  lastaccessed = "October 19, 2018",
}

@online{spotbugs,
  year  =        2018,
  title =        "SpotBugs",
  url =          "https://spotbugs.github.io/",
  lastaccessed = "October 19, 2018",
}

@online{javaparser,
  year  =        2018,
  title =        "JavaParser - For processing Java code",
  url =          "http://javaparser.org/",
  lastaccessed = "October 19, 2018",
}

@online{mavenlayout,
  year  =        2018,
  title =        "Maven - Introduction to the Standard Directory Layout",
  url =          "https://maven.apache.org/guides/introduction/introduction-to-the-standard-directory-layout.html/",
  lastaccessed = "October 19, 2018",
}

@book{javaparservisited,
  year  =        2018,
  author =       "Nicholas Smith, Danny van Bruggen, Federico Tomassetti",
  title =        "JavaParser: Visited",
  lastaccessed = "October 19, 2018",
}

@article{ayewah,
 author  = {Nathaniel Ayewah and David Hovemeyer and J. David Morgenthaler and John Penix, William Pug},
 title   = {Using Static Analysis to Find Bugs},
 journal = {IEEE Software},
 year    = {2008},
 volume  = {25},
 number  = {10177397},
 pages   = {22-29},
 month   = aug,
 issn    = {0740-7459},
 url     = {https://doi.org/10.1109/MS.2008.130},
 doi     = {10.1109/MS.2008.130},
}

@article{vetro_morisio_torchiano_2011,
  title={An empirical validation of FindBugs issues related to defects},
  DOI={10.1049/ic.2011.0018},
  journal={15th Annual Conference on Evaluation and Assessment in Software Engineering (EASE 2011)},
  author={Vetro, A. and Morisio, M. and Torchiano, M.},
  year={2011},
}

@online{buildinghadoop,
  year  =        2018,
  title =        "Building hadoop by installing protoc 2.5.x",
  url =          "https://vrushaliscorner.wordpress.com/2016/02/19/installing-protoc-2-5-x-google-protocol-buffers-compiler-on-a-mac",
  lastaccessed = "October 19, 2018",
}

@online{unionbug,
  year  =        2018,
  title =        "How to generate 1 report with findbugs-maven-plugin?",
  url =          "https://stackoverflow.com/questions/23128275/how-to-generate-1-report-with-findbugs-maven-plugin",
  lastaccessed = "October 19, 2018",
}